<?xml version='1.0' encoding='UTF-8'?>
<record xmlns="http://www.loc.gov/MARC21/slim">
  <leader>01289cam a2200289Ma 4500</leader>
  <controlfield tag="001">7048359</controlfield>
  <controlfield tag="003">NjP</controlfield>
  <controlfield tag="005">20170518135821.0</controlfield>
  <controlfield tag="008">930823s1885    ua       b    000 0 araod</controlfield>
  <datafield tag="024" ind1="7" ind2=" ">
    <subfield code="a">princeton_aco002024</subfield>
    <subfield code="2">local</subfield>
  </datafield>
  <datafield ind1=" " ind2=" " tag="035">
    <subfield code="a">(OCoLC)ocm33993502</subfield>
  </datafield>
  <datafield ind1=" " ind2=" " tag="040">
    <subfield code="a">HLS</subfield>
    <subfield code="c">HLS</subfield>
  </datafield>
  <datafield ind1=" " ind2=" " tag="066">
    <subfield code="c">(3</subfield>
  </datafield>
  <datafield ind1=" " ind2=" " tag="035">
    <subfield code="a">(OCoLC)33993502</subfield>
  </datafield>
  <datafield ind1=" " ind2=" " tag="043">
    <subfield code="a">aw-----</subfield>
  </datafield>
  <datafield ind1="1" ind2=" " tag="100">
    <subfield code="6">880-01</subfield>
    <subfield code="a">Jawbarī, ʻAbd al-Raḥmān ibn ʻUmar,</subfield>
    <subfield code="d">active 1216-1222</subfield>
  </datafield>
  <datafield ind1="1" ind2="0" tag="240">
    <subfield code="6">880-02</subfield>
    <subfield code="a">Mukhtār fī kashf al-asrār</subfield>
  </datafield>
  <datafield ind1="1" ind2="0" tag="245">
    <subfield code="6">880-03</subfield>
    <subfield code="a">Kitāb al-Mukhtār fī kashf al-asrār /</subfield>
    <subfield code="c">li-Zayn al-Dīn ʻAbd al-Raḥīm ibn ʻUmar al-Dimashqī al-maʻrūf bi-al-Jawbarī.</subfield>
  </datafield>
  <datafield ind1=" " ind2=" " tag="260">
    <subfield code="6">880-04</subfield>
    <subfield code="a">[Damascus? :</subfield>
    <subfield code="b">s.n.],</subfield>
    <subfield code="c">1302 [1885]</subfield>
  </datafield>
  <datafield ind1=" " ind2=" " tag="300">
    <subfield code="a">161 p. ;</subfield>
    <subfield code="c">22 cm.</subfield>
  </datafield>
  <datafield ind1=" " ind2="0" tag="650">
    <subfield code="a">Impostors and imposture</subfield>
    <subfield code="z">Islamic Empire.</subfield>
  </datafield>
  <datafield ind1=" " ind2="0" tag="650">
    <subfield code="a">Quacks and quackery</subfield>
    <subfield code="z">Islamic Empire.</subfield>
  </datafield>
  <datafield ind1=" " ind2="0" tag="650">
    <subfield code="a">Swindlers and swindling</subfield>
    <subfield code="z">Islamic Empire.</subfield>
  </datafield>
  <datafield ind1=" " ind2=" " tag="752">
    <subfield code="a">Syria</subfield>
    <subfield code="d">Damascus.</subfield>
  </datafield>
  <datafield ind1="1" ind2=" " tag="880">
    <subfield code="6">100-01</subfield>
    <subfield code="a">جوبري، عبد الرحمن بن عمر،</subfield>
    <subfield code="d">fl. 1216-1222.</subfield>
  </datafield>
  <datafield ind1="1" ind2="0" tag="880">
    <subfield code="6">240-02</subfield>
    <subfield code="a">مختار في كشف الأسرار</subfield>
  </datafield>
  <datafield ind1="1" ind2="0" tag="880">
    <subfield code="6">245-03</subfield>
    <subfield code="a">كتاب المختار في كشف الأسرار /</subfield>
    <subfield code="c">لزين الدين عبد الرحيم بن عمر الدمشقي المعروف بالجوبري.</subfield>
  </datafield>
  <datafield ind1=" " ind2=" " tag="880">
    <subfield code="6">260-04</subfield>
    <subfield code="a">[دمشق؟ :</subfield>
    <subfield code="b">د.ن.]،</subfield>
    <subfield code="c">1302 [1885]</subfield>
  </datafield>
  <datafield ind1=" " ind2=" " tag="902">
    <subfield code="a">mh</subfield>
    <subfield code="b">r</subfield>
    <subfield code="6">a</subfield>
    <subfield code="7">m</subfield>
    <subfield code="d">v</subfield>
    <subfield code="f">0</subfield>
    <subfield code="e">20120418</subfield>
  </datafield>
  <datafield ind1="0" ind2="0" tag="852">
    <subfield code="0">1756301</subfield>
    <subfield code="b">nec</subfield>
    <subfield code="h">HV6751</subfield>
    <subfield code="i">.J38 1885</subfield>
  </datafield>
  <datafield ind1=" " ind2=" " tag="959">
    <subfield code="a">2000-06-13 00:00:00 -0400</subfield>
  </datafield>
</record>
